@article{exo4,
    title={Decoupling and Glover-MCFarlane Robust Loop-Shaping},
    author={Hansson, Anders and Isaksson, Alf and Jansson Magnus},
    year={1999}
}
